<record><leader>00000cas a22000007a 4500</leader><controlfield tag="001">9331296</controlfield><controlfield tag="008">830321d18721872maumr ne      0    0eng d</controlfield><controlfield tag="009">3768</controlfield><datafield ind1=" " ind2=" " tag="010"><subfield code="a">sn 83020364 </subfield></datafield><datafield ind1=" " ind2=" " tag="040"><subfield code="a">NPX</subfield><subfield code="b">eng</subfield><subfield code="c">NPX</subfield><subfield code="d">DLC</subfield><subfield code="d">MGN</subfield><subfield code="d">DLC</subfield><subfield code="d">OCLCA</subfield><subfield code="d">OCLCF</subfield></datafield><datafield ind1="1" ind2=" " tag="029"><subfield code="a">AU@</subfield><subfield code="b">000025791418</subfield></datafield><datafield ind1=" " ind2=" " tag="042"><subfield code="a">msc</subfield></datafield><datafield ind1=" " ind2=" " tag="043"><subfield code="a">n-us-ma</subfield></datafield><datafield ind1="0" ind2="0" tag="050"><subfield code="a">Newspaper</subfield></datafield><datafield ind1="0" ind2=" " tag="130"><subfield code="a">City post (Salem, Mass.)</subfield></datafield><datafield ind1="1" ind2="4" tag="245"><subfield code="a">The city post.</subfield></datafield><datafield ind1=" " ind2=" " tag="260"><subfield code="a">Salem, Mass. :</subfield><subfield code="b">C.H. Webber,</subfield><subfield code="c">1872.</subfield></datafield><datafield ind1=" " ind2=" " tag="300"><subfield code="a">v. ;</subfield><subfield code="c">53 cm.</subfield></datafield><datafield ind1=" " ind2=" " tag="310"><subfield code="a">Monthly</subfield></datafield><datafield ind1="0" ind2=" " tag="362"><subfield code="a">Vol. 1, no. 1 (July 1872)-v. 1, no. 7 (Dec. 1872).</subfield></datafield><datafield ind1=" " ind2=" " tag="500"><subfield code="a">In Dec. 1872 published 2 issues called respectively "Double number" and "Christmas number."</subfield></datafield><datafield ind1=" " ind2=" " tag="500"><subfield code="a">Publisher: C.H. Webber, July-Oct. 1872; Webber &amp; Browning, Nov.-Dec. 1872.</subfield></datafield><datafield ind1=" " ind2=" " tag="500"><subfield code="a">Editor: C.H. Webber.</subfield></datafield><datafield ind1=" " ind2="0" tag="651"><subfield code="a">Salem (Mass.)</subfield><subfield code="v">Newspapers.</subfield></datafield><datafield ind1=" " ind2="7" tag="655"><subfield code="a">Newspapers.</subfield><subfield code="2">fast</subfield><subfield code="0">(OCoLC)fst01423814</subfield></datafield><datafield ind1=" " ind2="7" tag="651"><subfield code="a">Massachusetts</subfield><subfield code="z">Salem.</subfield><subfield code="2">fast</subfield><subfield code="0">(OCoLC)fst01205839</subfield></datafield><datafield ind1="1" ind2=" " tag="700"><subfield code="a">Webber, C. H.</subfield><subfield code="q">(Charles H.)</subfield></datafield><datafield ind1=" " ind2=" " tag="752"><subfield code="a">United States</subfield><subfield code="b">Massachusetts</subfield><subfield code="c">Essex</subfield><subfield code="d">Salem.</subfield></datafield><datafield ind1="0" ind2="0" tag="785"><subfield code="t">Salem city post</subfield><subfield code="w">(DLC)sn 83020365</subfield><subfield code="w">(OCoLC)9331384</subfield></datafield></record>